@article{baroni2001phonons,
  title={Phonons and related crystal properties from density-functional perturbation theory},
  author={Baroni, Stefano and De Gironcoli, Stefano and Dal Corso, Andrea and Giannozzi, Paolo},
  journal={Rev. Mod. Phys.},
  volume={73},
  number={2},
  pages={515},
  year={2001},
  publisher={APS}
}

@article{ponce2014temperature,
  title={Temperature dependence of electronic eigenenergies in the adiabatic harmonic approximation},
  author={Ponc{\'e}, Samuel and Antonius, Gabriel and Gillet, Yannick and Boulanger, Paul and Janssen, J Laflamme and Marini, Andrea and C{\^o}t{\'e}, Michel and Gonze, Xavier},
  journal={Phys. Rev. B},
  volume={90},
  number={21},
  pages={214304},
  year={2014},
  publisher={APS}
}

@article{antonius2014many,
  title={Many-body effects on the zero-point renormalization of the band structure},
  author={Antonius, G and Ponc{\'e}, Samuel and Boulanger, Paul and C{\^o}t{\'e}, Michel and Gonze, Xavier},
  journal={Phys. Rev. Lett.},
  volume={112},
  number={21},
  pages={215501},
  year={2014},
  publisher={APS}
}

@article{karsai2018electron,
  title={Electron--phonon coupling in semiconductors within the $GW$ approximation},
  author={Karsai, Ferenc and Engel, Manuel and Flage-Larsen, Espen and Kresse, Georg},
  journal={New J. Phys.},
  volume={20},
  number={12},
  pages={123008},
  year={2018},
  publisher={IOP Publishing}
}

@article{monserrat2016correlation,
  title={Correlation effects on electron-phonon coupling in semiconductors: Many-body theory along thermal lines},
  author={Monserrat, Bartomeu},
  journal={Phys. Rev. B},
  volume={93},
  number={10},
  pages={100301},
  year={2016},
  publisher={APS}
}

@article{mcavoy2018coupling,
  title={Coupling First-Principles Calculations of Electron--Electron and Electron--Phonon Scattering, and Applications to Carbon-Based Nanostructures},
  author={McAvoy, Ryan L and Govoni, Marco and Galli, Giulia},
  journal={J. Chem. Theory Comput.},
  volume={14},
  number={12},
  pages={6269--6275},
  year={2018},
  publisher={ACS Publications}
}

@article{giustino2017electron,
  title={Electron-phonon interactions from first principles},
  author={Giustino, Feliciano},
  journal={Rev. Mod. Phys.},
  volume={89},
  number={1},
  pages={015003},
  year={2017},
  publisher={APS}
}

@article{giustino2010electron,
  title={Electron-phonon renormalization of the direct band gap of diamond},
  author={Giustino, Feliciano and Louie, Steven G and Cohen, Marvin L},
  journal={Phys. Rev. Lett.},
  volume={105},
  number={26},
  pages={265501},
  year={2010},
  publisher={APS}
}

@article{bardeen1957microscopic,
  title={Microscopic theory of superconductivity},
  author={Bardeen, John and Cooper, Leon N and Schrieffer, J Robert},
  journal={Phys. Rev.},
  volume={106},
  number={1},
  pages={162},
  year={1957},
  publisher={APS}
}

@article{fan1951temperature,
  title={Temperature dependence of the energy gap in semiconductors},
  author={Fan, HY},
  journal={Phys. Rev.},
  volume={82},
  number={6},
  pages={900},
  year={1951},
  publisher={APS}
}

@article{frohlich1950xx,
  title={XX. Properties of slow electrons in polar materials},
  author={Fr{\"o}hlich, Herbert and Pelzer, Hans and Zienau, Sigurd},
  journal={The London, Edinburgh, and Dublin Philosophical Magazine and Journal of Science},
  volume={41},
  number={314},
  pages={221--242},
  year={1950},
  publisher={Taylor \& Francis}
}

@article{allen1976theory,
  title={Theory of the temperature dependence of electronic band structures},
  author={Allen, Philip B and Heine, Volker},
  journal={J. Phys. C: Solid State Phys.},
  volume={9},
  number={12},
  pages={2305},
  year={1976},
  publisher={IOP Publishing}
}

@article{giannozzi1991ab,
  title={Ab initio calculation of phonon dispersions in semiconductors},
  author={Giannozzi, Paolo and De Gironcoli, Stefano and Pavone, Pasquale and Baroni, Stefano},
  journal={Phys. Rev. B},
  volume={43},
  number={9},
  pages={7231},
  year={1991},
  publisher={APS}
}

@article{monserrat2018electron,
  title={Electron--phonon coupling from finite differences},
  author={Monserrat, Bartomeu},
  journal={J. Phys.: Condens. Matter},
  volume={30},
  number={8},
  pages={083001},
  year={2018},
  publisher={IOP Publishing}
}

@article{cannuccia2011effect,
  title={Effect of the quantum zero-point atomic motion on the optical and electronic properties of diamond and trans-polyacetylene},
  author={Cannuccia, Elena and Marini, Andrea},
  journal={Phys. Rev. Lett.},
  volume={107},
  number={25},
  pages={255501},
  year={2011},
  publisher={APS}
}

@article{cannuccia2012zero,
  title={Zero point motion effect on the electronic properties of diamond, trans-polyacetylene and polyethylene},
  author={Cannuccia, Elena and Marini, Andrea},
  journal={Eur. Phys. J. B},
  volume={85},
  number={9},
  pages={320},
  year={2012},
  publisher={Springer}
}

@book{martin2016interacting,
  title={Interacting electrons},
  author={Martin, Richard M and Reining, Lucia and Ceperley, David M},
  year={2016},
  publisher={Cambridge University Press}
}

@article{govoni2015large,
  title={Large scale GW calculations},
  author={Govoni, Marco and Galli, Giulia},
  journal={J. Chem. Theory Comput.},
  volume={11},
  number={6},
  pages={2680--2696},
  year={2015},
  publisher={ACS Publications}
}

@article{wilson2009iterative,
  title={Iterative calculations of dielectric eigenvalue spectra},
  author={Wilson, Hugh F and Lu, Deyu and Gygi, Fran{\c{c}}ois and Galli, Giulia},
  journal={Phys. Rev. B},
  volume={79},
  number={24},
  pages={245106},
  year={2009},
  publisher={APS}
}

@article{pham2013g,
  title={$GW$ calculations using the spectral decomposition of the dielectric matrix: Verification, validation, and comparison of methods},
  author={Pham, T Anh and Nguyen, Huy-Viet and Rocca, Dario and Galli, Giulia},
  journal={Phys. Rev. B},
  volume={87},
  number={15},
  pages={155148},
  year={2013},
  publisher={APS}
}

@article{govoni2018gw100,
  title={GW100: comparison of methods and accuracy of results obtained with the WEST code},
  author={Govoni, Marco and Galli, Giulia},
  journal={J. Chem. Theory Comput.},
  volume={14},
  number={4},
  pages={1895--1909},
  year={2018},
  publisher={ACS Publications}
}

@article{giannozzi2009quantum,
  title={QUANTUM ESPRESSO: a modular and open-source software project for quantum simulations of materials},
  author={Giannozzi, Paolo and Baroni, Stefano and Bonini, Nicola and Calandra, Matteo and Car, Roberto and Cavazzoni, Carlo and Ceresoli, Davide and Chiarotti, Guido L and Cococcioni, Matteo and Dabo, Ismaila and others},
  journal={J. Phys.: Condens. Matter},
  volume={21},
  number={39},
  pages={395502},
  year={2009},
  publisher={IOP Publishing}
}

@article{troullier1991efficient,
  title={Efficient pseudopotentials for plane-wave calculations},
  author={Troullier, Norman and Martins, Jos{\'e} Lu{\'\i}s},
  journal={Phys. Rev. B},
  volume={43},
  number={3},
  pages={1993},
  year={1991},
  publisher={APS}
}

@article{perdew1981self,
  title={Self-interaction correction to density-functional approximations for many-electron systems},
  author={Perdew, John P and Zunger, Alex},
  journal={Phys. Rev. B},
  volume={23},
  number={10},
  pages={5048},
  year={1981},
  publisher={APS}
}

@article{giustino2007EPW,
  title={Electron-phonon interaction using Wannier functions},
  author={Giustino, Feliciano and Cohen, Marvin L and Louie, Steven G},
  journal={Phys. Rev. B},
  volume={76},
  number={16},
  pages={165108},
  year={2007},
  publisher={APS}
}

@article{allen1981theory,
  title={Theory of the temperature dependence of the direct gap of germanium},
  author={Allen, PB and Cardona, M},
  journal={Phys. Rev. B},
  volume={23},
  number={4},
  pages={1495},
  year={1981},
  publisher={APS}
}

@article{nguyen2009efficient,
  title={Efficient calculation of exact exchange and RPA correlation energies in the adiabatic-connection fluctuation-dissipation theory},
  author={Nguyen, Huy-Viet and de Gironcoli, Stefano},
  journal={Phys. Rev. B},
  volume={79},
  number={20},
  pages={205114},
  year={2009},
  publisher={APS}
}

@article{gonze2011SternheimerTrick,
  title={Theoretical approaches to the temperature and zero-point motion effects on the electronic band structure},
  author={Gonze, Xavier and Boulanger, Paul and C{\^o}t{\'e}, Michel},
  journal={Ann. Phys.},
  volume={523},
  number={1-2},
  pages={168--178},
  year={2011},
  publisher={Wiley Online Library}
}

@article{perdew1996PBE,
  title={Generalized gradient approximation made simple},
  author={Perdew, John P and Burke, Kieron and Ernzerhof, Matthias},
  journal={Phys. Rev. Lett.},
  volume={77},
  number={18},
  pages={3865},
  year={1996},
  publisher={APS}
}

@article{schlipf2015SG15,
  title={Optimization algorithm for the generation of ONCV pseudopotentials},
  author={Schlipf, Martin and Gygi, Fran{\c{c}}ois},
  journal={	Comput. Phys. Commun.},
  volume={196},
  pages={36--44},
  year={2015},
  publisher={Elsevier}
}

@article{hamann2013ONCV,
  title={Optimized norm-conserving Vanderbilt pseudopotentials},
  author={Hamann, DR},
  journal={Phys. Rev. B},
  volume={88},
  number={8},
  pages={085117},
  year={2013},
  publisher={APS}
}

@article{marini2009yambo,
  title={Yambo: an ab initio tool for excited state calculations},
  author={Marini, Andrea and Hogan, Conor and Gr{\"u}ning, Myrta and Varsano, Daniele},
  journal={Comput. Phys. Commun.},
  volume={180},
  number={8},
  pages={1392--1403},
  year={2009},
  publisher={Elsevier}
}

@article{sangalli2019many,
  title={Many-body perturbation theory calculations using the yambo code},
  author={Sangalli, D and Ferretti, A and Miranda, H and Attaccalite, Claudio and Marri, I and Cannuccia, Elena and Melo, P and Marsili, M and Paleari, F and Marrazzo, A and others},
  journal={J. Phys.: Condens. Matter},
  volume={31},
  number={32},
  pages={325902},
  year={2019},
  publisher={IOP Publishing}
}


@article{gonze2020abinit,
  title={The ABINIT project: Impact, environment and recent developments},
  author={Gonze, Xavier and Amadon, Bernard and Antonius, Gabriel and Arnardi, Fr{\'e}d{\'e}ric and Baguet, Lucas and Beuken, Jean-Michel and Bieder, Jordan and Bottin, Fran{\c{c}}ois and Bouchet, Johann and Bousquet, Eric and others},
  journal={Comput. Phys. Commun.},
  volume={248},
  pages={107042},
  year={2020},
  publisher={Elsevier}
}

@article{bruneval2006effect,
  title={Effect of self-consistency on quasiparticles in solids},
  author={Bruneval, Fabien and Vast, Nathalie and Reining, Lucia},
  journal={Phys. Rev. B},
  volume={74},
  number={4},
  pages={045102},
  year={2006},
  publisher={APS}
}

@article{li2019elph_berkeleygw,
  title={Electron-Phonon Coupling from Ab Initio Linear-Response Theory within the $GW$ Method: Correlation-Enhanced Interactions and Superconductivity in $\mathrm{Ba}_{1- x}\mathrm{K}_x\mathrm{BiO}_3$},
  author={Li, Zhenglu and Antonius, Gabriel and Wu, Meng and Felipe, H and Louie, Steven G},
  journal={Phys. Rev. Lett.},
  volume={122},
  number={18},
  pages={186402},
  year={2019},
  publisher={APS}
}

@article{deslippe2012berkeleygw,
  title={BerkeleyGW: A massively parallel computer package for the calculation of the quasiparticle and optical properties of materials and nanostructures},
  author={Deslippe, Jack and Samsonidze, Georgy and Strubbe, David A and Jain, Manish and Cohen, Marvin L and Louie, Steven G},
  journal={Comput. Phys. Commun.},
  volume={183},
  number={6},
  pages={1269--1289},
  year={2012},
  publisher={Elsevier}
}

@article{ponce2016epw,
  title={EPW: Electron--phonon coupling, transport and superconducting properties using maximally localized Wannier functions},
  author={Ponc{\'e}, Samuel and Margine, Elena R and Verdi, Carla and Giustino, Feliciano},
  journal={Comput. Phys. Commun.},
  volume={209},
  pages={116--133},
  year={2016},
  publisher={Elsevier}
}

@article{chen1991temperature,
  title={Temperature dependence of semiconductor band gaps},
  author={O’donnell, KP and Chen, X},
  journal={Appl. Phys. Lett.},
  volume={58},
  number={25},
  pages={2924--2926},
  year={1991},
  publisher={American Institute of Physics}
}

@article{logothetidis1992origin,
  title={Origin and temperature dependence of the first direct gap of diamond},
  author={Logothetidis, Stergios and Petalas, J and Polatoglou, HM and Fuchs, D},
  journal={Phys. Rev. B},
  volume={46},
  number={8},
  pages={4483},
  year={1992},
  publisher={APS}
}


@article{kundu2021quantum,
  title = {Quantum vibronic effects on the electronic properties of solid and molecular carbon},
  author = {Kundu, Arpan and Govoni, Marco and Yang, Han and Ceriotti, Michele and Gygi, Francois and Galli, Giulia},
  journal = {Phys. Rev. Materials},
  volume = {5},
  issue = {7},
  pages = {L070801},
  numpages = {5},
  year = {2021},
  month = {Jul},
  publisher = {American Physical Society},
  doi = {10.1103/PhysRevMaterials.5.L070801},
  url = {https://link.aps.org/doi/10.1103/PhysRevMaterials.5.L070801}
}

@article{fhi98pp,
  title={Ab initio pseudopotentials for electronic structure calculations of poly-atomic systems using density-functional theory},
  author={Fuchs, Martin and Scheffler, Matthias},
  journal={Comput. Phys. Commun.},
  volume={119},
  number={1},
  pages={67--98},
  year={1999},
  publisher={Elsevier}
}

@article{godby1988self,
  title={Self-energy operators and exchange-correlation potentials in semiconductors},
  author={Godby, Rex W and Schl{\"u}ter, Michael and Sham, LJ},
  journal={Phys. Rev. B},
  volume={37},
  number={17},
  pages={10159},
  year={1988},
  publisher={APS}
}

@article{lanczos1950iteration,
  title={An iteration method for the solution of the eigenvalue problem of linear differential and integral operators},
  author={Lanczos, Cornelius},
  year={1950},
  publisher={United States Governm. Press Office Los Angeles, CA}
}


@article{capaz2005frozenphonon,
  title={Temperature dependence of the band gap of semiconducting carbon nanotubes},
  author={Capaz, Rodrigo B and Spataru, Catalin D and Tangney, Paul and Cohen, Marvin L and Louie, Steven G},
  journal={Phys. Rev. Lett.},
  volume={94},
  number={3},
  pages={036801},
  year={2005},
  publisher={APS}
}

@article{monserrat2014,
  title={Comparing electron-phonon coupling strength in diamond, silicon, and silicon carbide: First-principles study},
  author={Monserrat, Bartomeu and Needs, RJ},
  journal={Phys. Rev. B},
  volume={89},
  number={21},
  pages={214304},
  year={2014},
  publisher={APS}
}

@article{antonius2015dynamical,
  title={Dynamical and anharmonic effects on the electron-phonon coupling and the zero-point renormalization of the electronic structure},
  author={Antonius, Gabriel and Ponc{\'e}, Samuel and Lantagne-Hurtubise, E and Auclair, Gabriel and Gonze, Xavier and C{\^o}t{\'e}, Michel},
  journal={Phys. Rev. B},
  volume={92},
  number={8},
  pages={085137},
  year={2015},
  publisher={APS}
}

@article{miglio2020nonadiabatic,
  title={Predominance of non-adiabatic effects in zero-point renormalization of the electronic band gap},
  author={Miglio, Anna and Brousseau-Couture, V{\'e}ronique and Godbout, Emile and Antonius, Gabriel and Chan, Yang-Hao and Louie, Steven G and C{\^o}t{\'e}, Michel and Giantomassi, Matteo and Gonze, Xavier},
  journal={npj Comput. Mater.},
  volume={6},
  number={1},
  pages={1--8},
  year={2020},
  publisher={Nature Publishing Group}
}

@article{wilson2008efficient,
  title={Efficient iterative method for calculations of dielectric matrices},
  author={Wilson, Hugh F and Gygi, Fran{\c{c}}ois and Galli, Giulia},
  journal={Phys. Rev. B},
  volume={78},
  number={11},
  pages={113303},
  year={2008},
  publisher={APS}
}

@article{li2021unmasking,
  title={Unmasking the Origin of Kinks in the Photoemission Spectra of Cuprate Superconductors},
  author={Li, Zhenglu and Wu, Meng and Chan, Yang-Hao and Louie, Steven G},
  journal={Phys. Rev. Lett.},
  volume={126},
  number={14},
  pages={146401},
  year={2021},
  publisher={APS}
}

@article{ponce2015temperature_JCP,
  title={Temperature dependence of the electronic structure of semiconductors and insulators},
  author={Ponc{\'e}, Samuel and Gillet, Yannick and Laflamme Janssen, Jonathan and Marini, Andrea and Verstraete, Matthieu and Gonze, Xavier},
  journal={J. Chem. Phys.},
  volume={143},
  number={10},
  pages={102813},
  year={2015},
  publisher={AIP Publishing LLC}
}

@article{yang2019improving,
  title={Improving the efficiency of $G_0W_0$ calculations with approximate spectral decompositions of dielectric matrices},
  author={Yang, Han and Govoni, Marco and Galli, Giulia},
  journal={J. Chem. Phys.},
  volume={151},
  number={22},
  pages={224102},
  year={2019},
  publisher={AIP Publishing LLC}
}

@article{ppm1986,
  title = {Electron correlation in semiconductors and insulators: Band gaps and quasiparticle energies},
  author = {Hybertsen, Mark S. and Louie, Steven G.},
  journal = {Phys. Rev. B},
  volume = {34},
  issue = {8},
  pages = {5390--5413},
  numpages = {0},
  year = {1986},
  month = {Oct},
  publisher = {American Physical Society},
  doi = {10.1103/PhysRevB.34.5390},
  url = {https://link.aps.org/doi/10.1103/PhysRevB.34.5390}
}

@article{Gygi1986,
  title = {Self-consistent Hartree-Fock and screened-exchange calculations in solids: Application to silicon},
  author = {Gygi, F. and Baldereschi, A.},
  journal = {Phys. Rev. B},
  volume = {34},
  issue = {6},
  pages = {4405--4408},
  numpages = {0},
  year = {1986},
  month = {Sep},
  publisher = {American Physical Society},
  doi = {10.1103/PhysRevB.34.4405},
  url = {https://link.aps.org/doi/10.1103/PhysRevB.34.4405}
}


@article{golze2019gw,
  title={The GW compendium: A practical guide to theoretical photoemission spectroscopy},
  author={Golze, Dorothea and Dvorak, Marc and Rinke, Patrick},
  journal={Front. Chem.},
  volume={7},
  pages={377},
  year={2019},
  publisher={Frontiers}
}